@Misc{LucidchartKlassendiagramm,
  author       = {{LucidChart}},
  howpublished = {\url{https://www.lucidchart.com/pages/de/uml-klassendiagramme}},
  month        = apr,
  title        = {{Was ist ein Klassendiagramm in UML?}},
  year         = {2024},
  file         = {:Inhalt/UMLDiagramme.tex:LaTeX},
}

@Comment{jabref-meta: databaseType:bibtex;}
